{
  "leader": "04836cam a2200613 a 4500",
  "fields": [
    {
      "001": "ocn822499622"
    },
    {
      "003": "OCoLC"
    },
    {
      "005": "20220707154645.0"
    },
    {
      "008": "120530s2013\\\\\\\\enkac\\\\\\\\b\\\\\\\\001\\0beng\\\\"
    },
    {
      "010": {
        "ind1": "\\",
        "ind2": "\\",
        "subfields": [
          {
            "a": "  2012012253"
          }
        ]
      }
    },
    {
      "040": {
        "ind1": "\\",
        "ind2": "\\",
        "subfields": [
          {
            "a": "DLC"
          },
          {
            "b": "eng"
          },
          {
            "c": "NLM"
          },
          {
            "d": "STF"
          },
          {
            "d": "PUL"
          },
          {
            "d": "EUW"
          },
          {
            "d": "CNKFP"
          },
          {
            "d": "OCLCF"
          },
          {
            "d": "OCLCO"
          },
          {
            "d": "OCLCQ"
          },
          {
            "d": "OCLCO"
          },
          {
            "d": "MDAVP"
          },
          {
            "d": "B@L"
          },
          {
            "d": "OCLCO"
          },
          {
            "d": "OCLCA"
          },
          {
            "d": "CKK"
          },
          {
            "d": "CNJIN"
          },
          {
            "d": "GILDS"
          },
          {
            "d": "OCLCA"
          },
          {
            "d": "OCLCQ"
          },
          {
            "d": "OCLCO"
          },
          {
            "d": "UKMGB"
          },
          {
            "d": "ZLF"
          },
          {
            "d": "NLW"
          },
          {
            "d": "OCL"
          },
          {
            "d": "DYJ"
          },
          {
            "d": "OCLCO"
          },
          {
            "d": "OCLCQ"
          },
          {
            "d": "OCLCO"
          }
        ]
      }
    },
    {
      "016": {
        "ind1": "7",
        "ind2": "\\",
        "subfields": [
          {
            "a": "101647506"
          },
          {
            "2": "DNLM"
          }
        ]
      }
    },
    {
      "016": {
        "ind1": "7",
        "ind2": "\\",
        "subfields": [
          {
            "a": "016181278"
          },
          {
            "2": "Uk"
          }
        ]
      }
    },
    {
      "020": {
        "ind1": "\\",
        "ind2": "\\",
        "subfields": [
          {
            "a": "9780199732593"
          },
          {
            "q": "(hardback ;"
          },
          {
            "q": "alk. paper)"
          }
        ]
      }
    },
    {
      "020": {
        "ind1": "\\",
        "ind2": "\\",
        "subfields": [
          {
            "a": "0199732590"
          },
          {
            "q": "(hardback ;"
          },
          {
            "q": "alk. paper)"
          }
        ]
      }
    },
    {
      "035": {
        "ind1": "\\",
        "ind2": "\\",
        "subfields": [
          {
            "a": "(OCoLC)822499622"
          }
        ]
      }
    },
    {
      "042": {
        "ind1": "\\",
        "ind2": "\\",
        "subfields": [
          {
            "a": "pcc"
          }
        ]
      }
    },
    {
      "043": {
        "ind1": "\\",
        "ind2": "\\",
        "subfields": [
          {
            "a": "s-ag---"
          }
        ]
      }
    },
    {
      "050": {
        "ind1": "0",
        "ind2": "0",
        "subfields": [
          {
            "a": "QA29.W75"
          },
          {
            "b": "S56 2013"
          }
        ]
      }
    },
    {
      "060": {
        "ind1": "0",
        "ind2": "0",
        "subfields": [
          {
            "a": "2015 A-260"
          }
        ]
      }
    },
    {
      "060": {
        "ind1": "1",
        "ind2": "0",
        "subfields": [
          {
            "a": "WZ 100"
          }
        ]
      }
    },
    {
      "082": {
        "ind1": "0",
        "ind2": "0",
        "subfields": [
          {
            "a": "510.92"
          },
          {
            "b": "SEN"
          }
        ]
      }
    },
    {
      "100": {
        "ind1": "1",
        "ind2": "\\",
        "subfields": [
          {
            "a": "Senechal, Marjorie."
          }
        ]
      }
    },
    {
      "245": {
        "ind1": "1",
        "ind2": "0",
        "subfields": [
          {
            "a": "I died for beauty :"
          },
          {
            "b": "Dorothy Wrinch and the cultures of science /"
          },
          {
            "c": "Marjorie Senechal."
          }
        ]
      }
    },
    {
      "260": {
        "ind1": "\\",
        "ind2": "\\",
        "subfields": [
          {
            "a": "Oxford ;"
          },
          {
            "a": "New York :"
          },
          {
            "b": "Oxford University Press,"
          },
          {
            "c": "\u00a92013."
          }
        ]
      }
    },
    {
      "300": {
        "ind1": "\\",
        "ind2": "\\",
        "subfields": [
          {
            "a": "ix, 300 pages :"
          },
          {
            "b": "illustrations, portraits ;"
          },
          {
            "c": "25 cm"
          }
        ]
      }
    },
    {
      "336": {
        "ind1": "\\",
        "ind2": "\\",
        "subfields": [
          {
            "a": "text"
          },
          {
            "b": "txt"
          },
          {
            "2": "rdacontent"
          }
        ]
      }
    },
    {
      "337": {
        "ind1": "\\",
        "ind2": "\\",
        "subfields": [
          {
            "a": "unmediated"
          },
          {
            "b": "n"
          },
          {
            "2": "rdamedia"
          }
        ]
      }
    },
    {
      "338": {
        "ind1": "\\",
        "ind2": "\\",
        "subfields": [
          {
            "a": "volume"
          },
          {
            "b": "nc"
          },
          {
            "2": "rdacarrier"
          }
        ]
      }
    },
    {
      "504": {
        "ind1": "\\",
        "ind2": "\\",
        "subfields": [
          {
            "a": "Includes bibliographical references and index."
          }
        ]
      }
    },
    {
      "505": {
        "ind1": "0",
        "ind2": "\\",
        "subfields": [
          {
            "a": "Part I. Dorothy Wrinch: 1. Prologue; 2. Culture clash at Cold Spring Harbor; 3. Symmetry Festival; 4. Dot -- Part II. Logics: 5. The Wrangler; 6. Dear Mr. Russell; 7. The Summation of Pleasure; 8. Scientific method -- Part III. Biology in Transition: 9. The Spicules of Sponges; 10. Homes are Hell; 11. Metamorphoses; 12. The Girl Who Kicked the Hornets' Nest -- Part IV. Proteins and the Imagination: 13. Buzz; 14. The Cyclol Model; 5. What Is She Doing Here?; 16. \"Linus and Dorothy,\" the Opera, with Talkback -- Part V. The Rosetta Stone of the Solid State: 17. Crystals; 18. X-rays and Insulin; 19. Structure factors; 20. Amherst College Wife -- Part VI. I Died for Beauty: 21. The Sequel; 22. Strange Doings at Sandoz; 23. Swan Song; 24. Epilogue -- Cast of Characters -- Appendix."
          }
        ]
      }
    },
    {
      "520": {
        "ind1": "\\",
        "ind2": "\\",
        "subfields": [
          {
            "a": "\"In the vein of A Beautiful Mind, The Man Who Loved Only Numbers, and Rosalind Franklin: The Dark Lady of DNA, this volume tells the poignant story of the brilliant, colorful, controversial mathematician named Dorothy Wrinch. Drawing on her own personal and professional relationship with Wrinch and archives in the United States, Canada, and England, Marjorie Senechal explores the life and work of this provocative, scintillating mind. Senechal portrays a woman who was learned, restless, imperious, exacting, critical, witty, and kind. A young disciple of Bertrand Russell while at Cambridge, the first women to receive a doctor of science degree from Oxford University, Wrinch's contributions to mathematical physics, philosophy, probability theory, genetics, protein structure, and crystallography were anything but inconsequential. But Wrinch, a complicated and ultimately tragic figure, is remembered today for her much publicized feud with Linus Pauling over the molecular architecture of proteins. Pauling ultimately won that bitter battle. Yet, Senechal reminds us, some of the giants of mid-century science--including Niels Bohr, Irving Langmuir, D'Arcy Thompson, Harold Urey, and David Harker--took Wrinch's side in the feud. What accounts for her vast if now-forgotten influence? What did these renowned thinkers, in such different fields, hope her model might explain? Senechal presents a sympathetic portrait of the life and work of a luminous but tragically flawed character. At the same time, she illuminates the subtler prejudices Wrinch faced as a feisty woman, profound culture clashes between scientific disciplines, ever-changing notions of symmetry and pattern in science, and the puzzling roles of beauty and truth\"--"
          },
          {
            "c": "Provided by publisher."
          }
        ]
      }
    },
    {
      "520": {
        "ind1": "\\",
        "ind2": "\\",
        "subfields": [
          {
            "a": "\"A biography of Dorothy Wrinch\"--"
          },
          {
            "c": "Provided by publisher."
          }
        ]
      }
    },
    {
      "600": {
        "ind1": "1",
        "ind2": "0",
        "subfields": [
          {
            "a": "Wrinch, Dorothy,"
          },
          {
            "d": "1894-1976."
          }
        ]
      }
    },
    {
      "650": {
        "ind1": "\\",
        "ind2": "0",
        "subfields": [
          {
            "a": "Mathematicians"
          },
          {
            "z": "Argentina"
          },
          {
            "v": "Biography."
          }
        ]
      }
    },
    {
      "650": {
        "ind1": "\\",
        "ind2": "0",
        "subfields": [
          {
            "a": "Biochemists"
          },
          {
            "z": "Argentina"
          },
          {
            "v": "Biography."
          }
        ]
      }
    },
    {
      "650": {
        "ind1": "\\",
        "ind2": "0",
        "subfields": [
          {
            "a": "Women mathematicians"
          },
          {
            "v": "Biography."
          }
        ]
      }
    },
    {
      "650": {
        "ind1": "\\",
        "ind2": "0",
        "subfields": [
          {
            "a": "Women biochemists"
          },
          {
            "v": "Biography."
          }
        ]
      }
    },
    {
      "600": {
        "ind1": "1",
        "ind2": "2",
        "subfields": [
          {
            "a": "Wrinch, Dorothy,"
          },
          {
            "d": "1894-1976."
          }
        ]
      }
    },
    {
      "650": {
        "ind1": "1",
        "ind2": "2",
        "subfields": [
          {
            "a": "Mathematics"
          },
          {
            "x": "history"
          }
        ]
      }
    },
    {
      "650": {
        "ind1": "2",
        "ind2": "2",
        "subfields": [
          {
            "a": "Biochemistry"
          },
          {
            "x": "history"
          }
        ]
      }
    },
    {
      "651": {
        "ind1": "\\",
        "ind2": "2",
        "subfields": [
          {
            "a": "Argentina"
          }
        ]
      }
    },
    {
      "600": {
        "ind1": "1",
        "ind2": "7",
        "subfields": [
          {
            "a": "Wrinch, Dorothy,"
          },
          {
            "d": "1894-1976."
          },
          {
            "2": "fast"
          },
          {
            "0": "(OCoLC)fst00123394"
          }
        ]
      }
    },
    {
      "650": {
        "ind1": "\\",
        "ind2": "7",
        "subfields": [
          {
            "a": "Biochemists."
          },
          {
            "2": "fast"
          },
          {
            "0": "(OCoLC)fst00831989"
          }
        ]
      }
    },
    {
      "650": {
        "ind1": "\\",
        "ind2": "7",
        "subfields": [
          {
            "a": "Mathematicians."
          },
          {
            "2": "fast"
          },
          {
            "0": "(OCoLC)fst01012154"
          }
        ]
      }
    },
    {
      "650": {
        "ind1": "\\",
        "ind2": "7",
        "subfields": [
          {
            "a": "Women biochemists."
          },
          {
            "2": "fast"
          },
          {
            "0": "(OCoLC)fst01177356"
          }
        ]
      }
    },
    {
      "650": {
        "ind1": "\\",
        "ind2": "7",
        "subfields": [
          {
            "a": "Women mathematicians."
          },
          {
            "2": "fast"
          },
          {
            "0": "(OCoLC)fst01178130"
          }
        ]
      }
    },
    {
      "651": {
        "ind1": "\\",
        "ind2": "7",
        "subfields": [
          {
            "a": "Argentina."
          },
          {
            "2": "fast"
          },
          {
            "0": "(OCoLC)fst01205614"
          }
        ]
      }
    },
    {
      "655": {
        "ind1": "\\",
        "ind2": "2",
        "subfields": [
          {
            "a": "Biography"
          }
        ]
      }
    },
    {
      "655": {
        "ind1": "\\",
        "ind2": "7",
        "subfields": [
          {
            "a": "Biographies."
          },
          {
            "2": "fast"
          },
          {
            "0": "(OCoLC)fst01919896"
          }
        ]
      }
    },
    {
      "655": {
        "ind1": "\\",
        "ind2": "7",
        "subfields": [
          {
            "a": "Biographies."
          },
          {
            "2": "lcgft"
          }
        ]
      }
    },
    {
      "994": {
        "ind1": "\\",
        "ind2": "\\",
        "subfields": [
          {
            "a": "Z0"
          },
          {
            "b": "NYRVC"
          }
        ]
      }
    },
    {
      "948": {
        "ind1": "\\",
        "ind2": "\\",
        "subfields": [
          {
            "h": "NO HOLDINGS IN NYRVC - 119 OTHER HOLDINGS"
          }
        ]
      }
    },
    {
      "999": {
        "ind1": "\\",
        "ind2": "\\",
        "subfields": [
          {
            "a": "00000000017182"
          }
        ]
      }
    }
  ]
}